
    <zs:record>
      <zs:recordSchema/>
      <zs:recordPacking>xml</zs:recordPacking>
      <zs:recordData>
        <record xmlns="http://www.loc.gov/MARC21/slim">
          <leader>01351cam a2200325   4500</leader>
          <controlfield tag="001">1709634</controlfield>
          <controlfield tag="005">20150223155700.0</controlfield>
          <controlfield tag="008">720904r19721904nyu           000 0 eng  </controlfield>
          <datafield tag="035" ind1=" " ind2=" ">
            <subfield code="9">(DLC)   70144539</subfield>
          </datafield>
          <datafield tag="906" ind1=" " ind2=" ">
            <subfield code="a">7</subfield>
            <subfield code="b">cbc</subfield>
            <subfield code="c">orignew</subfield>
            <subfield code="d">1</subfield>
            <subfield code="e">ncip</subfield>
            <subfield code="f">19</subfield>
            <subfield code="g">y-gencatlg</subfield>
          </datafield>
          <datafield tag="010" ind1=" " ind2=" ">
            <subfield code="a">   70144539 </subfield>
          </datafield>
          <datafield tag="020" ind1=" " ind2=" ">
            <subfield code="a">0404535593</subfield>
          </datafield>
          <datafield tag="040" ind1=" " ind2=" ">
            <subfield code="a">DLC</subfield>
            <subfield code="c">DLC</subfield>
            <subfield code="d">DLC</subfield>
          </datafield>
          <datafield tag="041" ind1="1" ind2=" ">
            <subfield code="a">eng</subfield>
            <subfield code="h">iri</subfield>
          </datafield>
          <datafield tag="050" ind1="0" ind2="0">
            <subfield code="a">PB1423.T3</subfield>
            <subfield code="b">F3 1972</subfield>
          </datafield>
          <datafield tag="082" ind1="0" ind2="0">
            <subfield code="a">398.2/2</subfield>
          </datafield>
          <datafield tag="130" ind1="0" ind2=" ">
            <subfield code="a">Tain bó Cúailnge.</subfield>
            <subfield code="l">English.</subfield>
          </datafield>
          <datafield tag="245" ind1="1" ind2="4">
            <subfield code="a">The cattle-raid of Cualnge (Tain bo Cuailnge)</subfield>
            <subfield code="c">an old Irish prose-epic translated for the first time from Leabhar na h-Uidhri and the Yellow book of Lecan, by L. Winifred Faraday. London, D. Nutt, 1904.</subfield>
          </datafield>
          <datafield tag="260" ind1=" " ind2=" ">
            <subfield code="a">[New York,</subfield>
            <subfield code="b">AMS Press,</subfield>
            <subfield code="c">1972]</subfield>
          </datafield>
          <datafield tag="300" ind1=" " ind2=" ">
            <subfield code="a">xxi, 141 p.</subfield>
            <subfield code="c">19 cm.</subfield>
          </datafield>
          <datafield tag="500" ind1=" " ind2=" ">
            <subfield code="a">Original ed. issued as no. 16 of Grimm library.</subfield>
          </datafield>
          <datafield tag="650" ind1=" " ind2="0">
            <subfield code="a">Epic literature, Irish</subfield>
            <subfield code="x">Translations into English.</subfield>
          </datafield>
          <datafield tag="650" ind1=" " ind2="0">
            <subfield code="a">Heroes</subfield>
            <subfield code="z">Ulster (Northern Ireland and Ireland)</subfield>
            <subfield code="x">Legends.</subfield>
          </datafield>
          <datafield tag="650" ind1=" " ind2="0">
            <subfield code="a">Tales</subfield>
            <subfield code="x">Ulster (Northern Ireland and Ireland)</subfield>
          </datafield>
          <datafield tag="650" ind1=" " ind2="0">
            <subfield code="a">Cuchulain (Legendary character)</subfield>
            <subfield code="v">Fiction.</subfield>
          </datafield>
          <datafield tag="650" ind1=" " ind2="0">
            <subfield code="a">Cattle stealing</subfield>
            <subfield code="v">Fiction.</subfield>
          </datafield>
          <datafield tag="650" ind1=" " ind2="0">
            <subfield code="a">Mythology, Celtic</subfield>
            <subfield code="z">Ulster (Northern Ireland and Ireland)</subfield>
          </datafield>
          <datafield tag="650" ind1=" " ind2="0">
            <subfield code="a">Tales, Medieval</subfield>
            <subfield code="v">Translations into English.</subfield>
          </datafield>
          <datafield tag="700" ind1="1" ind2=" ">
            <subfield code="a">Faraday, L. Winifred,</subfield>
            <subfield code="e">tr.</subfield>
          </datafield>
          <datafield tag="991" ind1=" " ind2=" ">
            <subfield code="b">c-GenColl</subfield>
            <subfield code="h">PB1423.T3</subfield>
            <subfield code="i">F3 1972</subfield>
            <subfield code="p">00019861387</subfield>
            <subfield code="t">Copy 1</subfield>
            <subfield code="w">BOOKS</subfield>
          </datafield>
        </record>
      </zs:recordData>
      <zs:recordPosition>2</zs:recordPosition>
    </zs:record>